@inproceedings{netflix,
  title={Large-scale parallel collaborative filtering for the netflix prize},
  author={Zhou, Yunhong and Wilkinson, Dennis and Schreiber, Robert and Pan, Rong},
  booktitle={International conference on algorithmic applications in management},
  pages={337--348},
  year={2008},
  organization={Springer}
}
@article{movielens,
  title={The movielens datasets: History and context},
  author={Harper, F Maxwell and Konstan, Joseph A},
  journal={Acm transactions on interactive intelligent systems (tiis)},
  volume={5},
  number={4},
  pages={19},
  year={2016},
  publisher={ACM}
}
@inproceedings{useme,
  title={Excuseme: Asking users to help in item cold-start recommendations},
  author={Aharon, Michal and Anava, Oren and Avigdor-Elgrabli, Noa and Drachsler-Cohen, Dana and Golan, Shahar and Somekh, Oren},
  booktitle={Proceedings of the 9th ACM Conference on Recommender Systems},
  pages={83--90},
  year={2015},
  organization={ACM}
}
@inproceedings{collaborative,
  title={Collaborative filtering for implicit feedback datasets},
  author={Hu, Yifan and Koren, Yehuda and Volinsky, Chris},
  booktitle={2008 Eighth IEEE International Conference on Data Mining},
  pages={263--272},
  year={2008},
  organization={Ieee}
}
